<record><leader>00000cas a22000007a 4500</leader><controlfield tag="001">15727562</controlfield><controlfield tag="008">870522d18861918inudn ne      0    0eng d</controlfield><controlfield tag="009">5452</controlfield><datafield ind1=" " ind2=" " tag="010"><subfield code="a">sn 87055941 </subfield></datafield><datafield ind1=" " ind2=" " tag="040"><subfield code="a">NPI</subfield><subfield code="b">eng</subfield><subfield code="c">NPI</subfield><subfield code="d">OCLCQ</subfield></datafield><datafield ind1=" " ind2=" " tag="042"><subfield code="a">msc</subfield></datafield><datafield ind1="0" ind2="4" tag="245"><subfield code="a">The Elkhart daily review.</subfield></datafield><datafield ind1=" " ind2=" " tag="260"><subfield code="a">Elkhart, Ind. :</subfield><subfield code="b">C.H. Chase, A.P. Kent,</subfield><subfield code="c">1886-1918.</subfield></datafield><datafield ind1=" " ind2=" " tag="310"><subfield code="a">Daily (except Sun.)</subfield></datafield><datafield ind1="0" ind2=" " tag="362"><subfield code="a">Dec. 20, 1886-47th year, no. 70 (Dec. 12, 1918).</subfield></datafield><datafield ind1=" " ind2=" " tag="500"><subfield code="a">Published as: The Elkhart review, Jan. 24, 1887.</subfield></datafield><datafield ind1=" " ind2=" " tag="580"><subfield code="a">Also published in a weekly ed. called: Elkhart weekly review (Elkhart, Ind. : 1879), 1879-1896.</subfield></datafield><datafield ind1=" " ind2=" " tag="580"><subfield code="a">Also published in a semiweekly ed. called: The Elkhart review, 1896-1910.</subfield></datafield><datafield ind1=" " ind2=" " tag="752"><subfield code="a">United States</subfield><subfield code="b">Indiana</subfield><subfield code="c">Elkhart</subfield><subfield code="d">Elkhart.</subfield></datafield><datafield ind1="1" ind2=" " tag="775"><subfield code="t">Elkhart weekly review (Elkhart, Ind. : 1879)</subfield><subfield code="w">(DLC)sn 87055946</subfield></datafield><datafield ind1="1" ind2=" " tag="775"><subfield code="t">Elkhart review (Elkhart, Ind. : Semiweekly)</subfield><subfield code="w">(DLC)sn 87055944</subfield></datafield><datafield ind1="0" ind2="0" tag="780"><subfield code="t">Elkhart review (Elkhart, Ind. : Daily : 1879)</subfield><subfield code="w">(DLC)sn 87055943</subfield></datafield><datafield ind1="0" ind2="0" tag="785"><subfield code="t">Elkhart review (Elkhart, Ind. : Daily : 1918)</subfield><subfield code="w">(DLC)sn 87055942</subfield></datafield></record>